<record><recordSchema>MARC21-xml</recordSchema><recordPacking>xml</recordPacking><recordData><slim:record xmlns:slim="http://www.loc.gov/MARC21/slim" type="Bibliographic">
    <slim:leader>00900nas a2200349 c 4500</slim:leader>
    <slim:controlfield tag="001">995583129</slim:controlfield>
    <slim:controlfield tag="003">DE-101</slim:controlfield>
    <slim:controlfield tag="005">20091020235207.0</slim:controlfield>
    <slim:controlfield tag="007">tu</slim:controlfield>
    <slim:controlfield tag="008">090727c20099999gw q||p|  ||| 0||||0ger c</slim:controlfield>
    <slim:datafield tag="015" ind1=" " ind2=" ">
      <slim:subfield code="a">09,A44,2191</slim:subfield>
      <slim:subfield code="2">dnb</slim:subfield>
    </slim:datafield>
    <slim:datafield tag="016" ind1="7" ind2=" ">
      <slim:subfield code="2">DE-101</slim:subfield>
      <slim:subfield code="a">995583129</slim:subfield>
    </slim:datafield>
    <slim:datafield tag="016" ind1="7" ind2=" ">
      <slim:subfield code="2">DE-600</slim:subfield>
      <slim:subfield code="a">2507141-5</slim:subfield>
    </slim:datafield>
    <slim:datafield tag="035" ind1=" " ind2=" ">
      <slim:subfield code="a">(DE-599)ZDB2507141-5</slim:subfield>
    </slim:datafield>
    <slim:datafield tag="035" ind1=" " ind2=" ">
      <slim:subfield code="a">(OCoLC)723878271</slim:subfield>
    </slim:datafield>
    <slim:datafield tag="040" ind1=" " ind2=" ">
      <slim:subfield code="a">1141</slim:subfield>
      <slim:subfield code="b">ger</slim:subfield>
      <slim:subfield code="c">DE-101</slim:subfield>
      <slim:subfield code="d">9999</slim:subfield>
    </slim:datafield>
    <slim:datafield tag="041" ind1=" " ind2=" ">
      <slim:subfield code="a">ger</slim:subfield>
    </slim:datafield>
    <slim:datafield tag="044" ind1=" " ind2=" ">
      <slim:subfield code="c">XA-DE</slim:subfield>
    </slim:datafield>
    <slim:datafield tag="082" ind1="7" ind2="4">
      <slim:subfield code="a">K</slim:subfield>
      <slim:subfield code="q">DE-101</slim:subfield>
      <slim:subfield code="2">22sdnb</slim:subfield>
    </slim:datafield>
    <slim:datafield tag="083" ind1="7" ind2=" ">
      <slim:subfield code="a">360</slim:subfield>
      <slim:subfield code="q">DE-600</slim:subfield>
      <slim:subfield code="2">22sdnb</slim:subfield>
    </slim:datafield>
    <slim:datafield tag="084" ind1=" " ind2=" ">
      <slim:subfield code="a">K</slim:subfield>
      <slim:subfield code="q">DE-101</slim:subfield>
      <slim:subfield code="2">sdnb</slim:subfield>
    </slim:datafield>
    <slim:datafield tag="084" ind1=" " ind2=" ">
      <slim:subfield code="a">360</slim:subfield>
      <slim:subfield code="q">DE-600</slim:subfield>
      <slim:subfield code="2">sdnb</slim:subfield>
    </slim:datafield>
    <slim:datafield tag="245" ind1="1" ind2="0">
      <slim:subfield code="a">Hello Kitty</slim:subfield>
      <slim:subfield code="n">[...]</slim:subfield>
      <slim:subfield code="p">Mini</slim:subfield>
    </slim:datafield>
    <slim:datafield tag="246" ind1="1" ind2="9">
      <slim:subfield code="a">Hello Kitty / Mini</slim:subfield>
    </slim:datafield>
    <slim:datafield tag="260" ind1="3" ind2=" ">
      <slim:subfield code="a">Berlin</slim:subfield>
      <slim:subfield code="b">Egmont Ehapa</slim:subfield>
    </slim:datafield>
    <slim:datafield tag="300" ind1=" " ind2=" ">
      <slim:subfield code="c">22 cm</slim:subfield>
    </slim:datafield>
    <slim:datafield tag="362" ind1="0" ind2=" ">
      <slim:subfield code="a">2009 -</slim:subfield>
    </slim:datafield>
    <slim:datafield tag="363" ind1="0" ind2="1">
      <slim:subfield code="8">1.1\x</slim:subfield>
      <slim:subfield code="i">2009</slim:subfield>
    </slim:datafield>
    <slim:datafield tag="365" ind1=" " ind2=" ">
      <slim:subfield code="b">EUR 3.95 (Einzelh., DE), EUR 4.50 (Einzelh., AT), sfr 7.90 (Einzelh.)</slim:subfield>
    </slim:datafield>
    <slim:datafield tag="515" ind1=" " ind2=" ">
      <slim:subfield code="a">Ersch. 4x jährl.</slim:subfield>
    </slim:datafield>
    <slim:datafield tag="925" ind1="r" ind2=" ">
      <slim:subfield code="a">ra</slim:subfield>
    </slim:datafield>
    <slim:datafield tag="930" ind1=" " ind2=" ">
      <slim:subfield code="a">Mini</slim:subfield>
    </slim:datafield>
  </slim:record></recordData><recordPosition>2</recordPosition></record>