<record><recordSchema>MARC21-xml</recordSchema><recordPacking>xml</recordPacking><recordData><slim:record xmlns:slim="http://www.loc.gov/MARC21/slim" type="Bibliographic">
    <slim:leader>01079nas a2200325 c 4500</slim:leader>
    <slim:controlfield tag="001">989802337</slim:controlfield>
    <slim:controlfield tag="003">DE-101</slim:controlfield>
    <slim:controlfield tag="005">20130128143758.0</slim:controlfield>
    <slim:controlfield tag="007">tu</slim:controlfield>
    <slim:controlfield tag="008">080729d20082011gw u||p|  ||| 0||||0ger c</slim:controlfield>
    <slim:datafield tag="016" ind1="7" ind2=" ">
      <slim:subfield code="2">DE-101</slim:subfield>
      <slim:subfield code="a">989802337</slim:subfield>
    </slim:datafield>
    <slim:datafield tag="016" ind1="7" ind2=" ">
      <slim:subfield code="2">DE-600</slim:subfield>
      <slim:subfield code="a">2441065-2</slim:subfield>
    </slim:datafield>
    <slim:datafield tag="035" ind1=" " ind2=" ">
      <slim:subfield code="a">(DE-599)ZDB2441065-2</slim:subfield>
    </slim:datafield>
    <slim:datafield tag="035" ind1=" " ind2=" ">
      <slim:subfield code="a">(OCoLC)723855026</slim:subfield>
    </slim:datafield>
    <slim:datafield tag="040" ind1=" " ind2=" ">
      <slim:subfield code="a">0035</slim:subfield>
      <slim:subfield code="b">ger</slim:subfield>
      <slim:subfield code="c">DE-101</slim:subfield>
      <slim:subfield code="d">0035</slim:subfield>
    </slim:datafield>
    <slim:datafield tag="041" ind1=" " ind2=" ">
      <slim:subfield code="a">ger</slim:subfield>
    </slim:datafield>
    <slim:datafield tag="044" ind1=" " ind2=" ">
      <slim:subfield code="c">XA-DE</slim:subfield>
    </slim:datafield>
    <slim:datafield tag="082" ind1="7" ind2="4">
      <slim:subfield code="a">370</slim:subfield>
      <slim:subfield code="q">DE-600</slim:subfield>
      <slim:subfield code="2">22sdnb</slim:subfield>
    </slim:datafield>
    <slim:datafield tag="084" ind1=" " ind2=" ">
      <slim:subfield code="a">370</slim:subfield>
      <slim:subfield code="q">DE-600</slim:subfield>
      <slim:subfield code="2">sdnb</slim:subfield>
    </slim:datafield>
    <slim:datafield tag="110" ind1="2" ind2=" ">
      <slim:subfield code="0">(DE-588)5129728-0</slim:subfield>
      <slim:subfield code="0">(DE-101)944550819</slim:subfield>
      <slim:subfield code="a">Sophienschule Hannover</slim:subfield>
      <slim:subfield code="4">aut</slim:subfield>
    </slim:datafield>
    <slim:datafield tag="245" ind1="1" ind2="0">
      <slim:subfield code="a">Abibuch der Sophienschule</slim:subfield>
      <slim:subfield code="c">hrsg. vom Abibuch-Komitee</slim:subfield>
    </slim:datafield>
    <slim:datafield tag="246" ind1="1" ind2="3">
      <slim:subfield code="i">Nebent.</slim:subfield>
      <slim:subfield code="a">Abitur an der Sophienschule Hannover</slim:subfield>
    </slim:datafield>
    <slim:datafield tag="247" ind1="1" ind2="0">
      <slim:subfield code="a">AbiTeam 2008</slim:subfield>
      <slim:subfield code="f">Nebent. 2008</slim:subfield>
    </slim:datafield>
    <slim:datafield tag="247" ind1="1" ind2="0">
      <slim:subfield code="a">We love Sophie - 100.Abijahrgang</slim:subfield>
      <slim:subfield code="f">Nebent. 2010</slim:subfield>
    </slim:datafield>
    <slim:datafield tag="247" ind1="1" ind2="0">
      <slim:subfield code="a">You say Goodbye and I say Hello ... go, go, go</slim:subfield>
      <slim:subfield code="f">Nebent. 2011</slim:subfield>
    </slim:datafield>
    <slim:datafield tag="260" ind1="3" ind2=" ">
      <slim:subfield code="a">Hannover</slim:subfield>
      <slim:subfield code="b">[s.n.]</slim:subfield>
    </slim:datafield>
    <slim:datafield tag="362" ind1="0" ind2=" ">
      <slim:subfield code="a">2008 - 2011</slim:subfield>
    </slim:datafield>
    <slim:datafield tag="363" ind1="0" ind2="0">
      <slim:subfield code="8">1.1\x</slim:subfield>
      <slim:subfield code="i">2008</slim:subfield>
    </slim:datafield>
    <slim:datafield tag="363" ind1="1" ind2="0">
      <slim:subfield code="8">1.2\x</slim:subfield>
      <slim:subfield code="i">2011</slim:subfield>
    </slim:datafield>
    <slim:datafield tag="785" ind1="0" ind2="0">
      <slim:subfield code="i">Forts.:</slim:subfield>
      <slim:subfield code="a">Sophienschule Hannover</slim:subfield>
      <slim:subfield code="t">Abibuch / Sophienschule</slim:subfield>
      <slim:subfield code="w">(DE-600)2700303-6</slim:subfield>
      <slim:subfield code="w">(DE-101)1030238928</slim:subfield>
    </slim:datafield>
  </slim:record></recordData><recordPosition>3</recordPosition></record>