<record><recordSchema>MARC21-xml</recordSchema><recordPacking>xml</recordPacking><recordData><slim:record xmlns:slim="http://www.loc.gov/MARC21/slim" type="Bibliographic">
    <slim:leader>01171nas a2200325 c 4500</slim:leader>
    <slim:controlfield tag="001">016152883</slim:controlfield>
    <slim:controlfield tag="003">DE-101</slim:controlfield>
    <slim:controlfield tag="005">20080311214928.0</slim:controlfield>
    <slim:controlfield tag="007">tu</slim:controlfield>
    <slim:controlfield tag="008">991121d19902000gw u||p|  ||| 0||||0ger c</slim:controlfield>
    <slim:datafield tag="015" ind1=" " ind2=" ">
      <slim:subfield code="a">01,A12,0852</slim:subfield>
      <slim:subfield code="2">dnb</slim:subfield>
    </slim:datafield>
    <slim:datafield tag="016" ind1="7" ind2=" ">
      <slim:subfield code="2">DE-101</slim:subfield>
      <slim:subfield code="a">016152883</slim:subfield>
    </slim:datafield>
    <slim:datafield tag="016" ind1="7" ind2=" ">
      <slim:subfield code="2">DE-600</slim:subfield>
      <slim:subfield code="a">1084503-3</slim:subfield>
    </slim:datafield>
    <slim:datafield tag="022" ind1=" " ind2=" ">
      <slim:subfield code="a">0863-436X</slim:subfield>
    </slim:datafield>
    <slim:datafield tag="029" ind1="a" ind2="a">
      <slim:subfield code="a">0863-436X</slim:subfield>
    </slim:datafield>
    <slim:datafield tag="035" ind1=" " ind2=" ">
      <slim:subfield code="a">(DE-599)ZDB1084503-3</slim:subfield>
    </slim:datafield>
    <slim:datafield tag="035" ind1=" " ind2=" ">
      <slim:subfield code="a">(OCoLC)724546796</slim:subfield>
    </slim:datafield>
    <slim:datafield tag="040" ind1=" " ind2=" ">
      <slim:subfield code="a">9001</slim:subfield>
      <slim:subfield code="b">ger</slim:subfield>
      <slim:subfield code="c">DE-101</slim:subfield>
      <slim:subfield code="d">9999</slim:subfield>
    </slim:datafield>
    <slim:datafield tag="041" ind1=" " ind2=" ">
      <slim:subfield code="a">ger</slim:subfield>
    </slim:datafield>
    <slim:datafield tag="044" ind1=" " ind2=" ">
      <slim:subfield code="c">XA-DE</slim:subfield>
    </slim:datafield>
    <slim:datafield tag="082" ind1="7" ind2="4">
      <slim:subfield code="a">050</slim:subfield>
      <slim:subfield code="a">370</slim:subfield>
      <slim:subfield code="q">DE-600</slim:subfield>
      <slim:subfield code="2">22sdnb</slim:subfield>
    </slim:datafield>
    <slim:datafield tag="084" ind1=" " ind2=" ">
      <slim:subfield code="a">23</slim:subfield>
      <slim:subfield code="a">78</slim:subfield>
      <slim:subfield code="a">S</slim:subfield>
      <slim:subfield code="q">DE-101</slim:subfield>
      <slim:subfield code="2">sdnb</slim:subfield>
    </slim:datafield>
    <slim:datafield tag="084" ind1=" " ind2=" ">
      <slim:subfield code="a">050</slim:subfield>
      <slim:subfield code="a">370</slim:subfield>
      <slim:subfield code="q">DE-600</slim:subfield>
      <slim:subfield code="2">sdnb</slim:subfield>
    </slim:datafield>
    <slim:datafield tag="245" ind1="1" ind2="0">
      <slim:subfield code="a">Hi Hello Salut</slim:subfield>
      <slim:subfield code="b">Schülermagazin in Englisch und Französisch</slim:subfield>
    </slim:datafield>
    <slim:datafield tag="260" ind1="3" ind2=" ">
      <slim:subfield code="a">Berlin</slim:subfield>
      <slim:subfield code="b">Volk u. Wissen Verl. GmbH</slim:subfield>
    </slim:datafield>
    <slim:datafield tag="362" ind1="0" ind2=" ">
      <slim:subfield code="a">1990 - 2000,4; damit Ersch. eingest.</slim:subfield>
    </slim:datafield>
    <slim:datafield tag="365" ind1=" " ind2=" ">
      <slim:subfield code="b">: DM 9.80 (Einzelh., zzgl. Porto), sfr 9.80 (Einzelh., zzgl. Porto), S 72.00 (Einzelh., zzgl. Porto), DM 8.25 (Einzelh., für Klassensätze), DM 33.00 (jährl., für Abonnenten, zzgl. Porto), sfr 30.70 (jährl., für Abonnenten, zzgl. Porto), S 241.00 (jährl., für Abonnenten, zzgl. Porto)</slim:subfield>
    </slim:datafield>
    <slim:datafield tag="591" ind1=" " ind2=" ">
      <slim:subfield code="a">109!(16-02-01)</slim:subfield>
    </slim:datafield>
    <slim:datafield tag="889" ind1=" " ind2=" ">
      <slim:subfield code="w">(DE-101)551859881</slim:subfield>
    </slim:datafield>
    <slim:datafield tag="925" ind1="r" ind2=" ">
      <slim:subfield code="a">ra</slim:subfield>
    </slim:datafield>
  </slim:record></recordData><recordPosition>6</recordPosition></record>