<record><recordSchema>MARC21-xml</recordSchema><recordPacking>xml</recordPacking><recordData><slim:record xmlns:slim="http://www.loc.gov/MARC21/slim" type="Bibliographic">
    <slim:leader>01028nas a2200301 c 4500</slim:leader>
    <slim:controlfield tag="001">017479215</slim:controlfield>
    <slim:controlfield tag="003">DE-101</slim:controlfield>
    <slim:controlfield tag="005">20081129165534.0</slim:controlfield>
    <slim:controlfield tag="007">tu</slim:controlfield>
    <slim:controlfield tag="008">991121d19611975gw u||p|  ||| 0||||0ger c</slim:controlfield>
    <slim:datafield tag="016" ind1="7" ind2=" ">
      <slim:subfield code="2">DE-101</slim:subfield>
      <slim:subfield code="a">017479215</slim:subfield>
    </slim:datafield>
    <slim:datafield tag="016" ind1="7" ind2=" ">
      <slim:subfield code="2">DE-600</slim:subfield>
      <slim:subfield code="a">1221570-3</slim:subfield>
    </slim:datafield>
    <slim:datafield tag="035" ind1=" " ind2=" ">
      <slim:subfield code="a">(DE-599)ZDB1221570-3</slim:subfield>
    </slim:datafield>
    <slim:datafield tag="040" ind1=" " ind2=" ">
      <slim:subfield code="a">9001</slim:subfield>
      <slim:subfield code="b">ger</slim:subfield>
      <slim:subfield code="c">DE-101</slim:subfield>
      <slim:subfield code="d">9001</slim:subfield>
    </slim:datafield>
    <slim:datafield tag="041" ind1=" " ind2=" ">
      <slim:subfield code="a">ger</slim:subfield>
    </slim:datafield>
    <slim:datafield tag="044" ind1=" " ind2=" ">
      <slim:subfield code="c">XA-DE</slim:subfield>
    </slim:datafield>
    <slim:datafield tag="082" ind1="7" ind2="4">
      <slim:subfield code="a">800</slim:subfield>
      <slim:subfield code="q">DE-600</slim:subfield>
      <slim:subfield code="2">22sdnb</slim:subfield>
    </slim:datafield>
    <slim:datafield tag="084" ind1=" " ind2=" ">
      <slim:subfield code="a">800</slim:subfield>
      <slim:subfield code="q">DE-600</slim:subfield>
      <slim:subfield code="2">sdnb</slim:subfield>
    </slim:datafield>
    <slim:datafield tag="245" ind1="1" ind2="0">
      <slim:subfield code="a">Inspektor Kennedy</slim:subfield>
    </slim:datafield>
    <slim:datafield tag="247" ind1="1" ind2="0">
      <slim:subfield code="a">Geister-Krimi</slim:subfield>
      <slim:subfield code="f">Hauptsacht. 212.1973; 216.1973; 220.1973</slim:subfield>
    </slim:datafield>
    <slim:datafield tag="247" ind1="1" ind2="0">
      <slim:subfield code="a">Inspektor John Dean</slim:subfield>
      <slim:subfield code="f">Hauptsacht. 260.1975</slim:subfield>
    </slim:datafield>
    <slim:datafield tag="247" ind1="1" ind2="0">
      <slim:subfield code="a">Kriminalreporter Toby Gin</slim:subfield>
      <slim:subfield code="f">Hauptsacht. 265.1975</slim:subfield>
    </slim:datafield>
    <slim:datafield tag="247" ind1="1" ind2="0">
      <slim:subfield code="a">Hello Amboss</slim:subfield>
      <slim:subfield code="f">Hauptsacht. 266.1975</slim:subfield>
    </slim:datafield>
    <slim:datafield tag="247" ind1="1" ind2="0">
      <slim:subfield code="a">Jack Hilton</slim:subfield>
      <slim:subfield code="f">Hauptsacht. 267.1975</slim:subfield>
    </slim:datafield>
    <slim:datafield tag="260" ind1="3" ind2=" ">
      <slim:subfield code="a">Hamburg</slim:subfield>
      <slim:subfield code="b">Kelter</slim:subfield>
    </slim:datafield>
    <slim:datafield tag="362" ind1="0" ind2=" ">
      <slim:subfield code="a">Nachgewiesen 27.1961 - [267.]1975; damit Ersch. eingest.</slim:subfield>
    </slim:datafield>
    <slim:datafield tag="515" ind1=" " ind2=" ">
      <slim:subfield code="a">267.1975 fälschlich als Bd. 276 bez.</slim:subfield>
    </slim:datafield>
    <slim:datafield tag="780" ind1="0" ind2="0">
      <slim:subfield code="i">165.1972 - 209.1973 ersch. alternierend mit u. Vorg.</slim:subfield>
      <slim:subfield code="t">Blaulicht</slim:subfield>
      <slim:subfield code="w">(DE-600)1221522-3</slim:subfield>
      <slim:subfield code="w">(DE-101)017478758</slim:subfield>
    </slim:datafield>
  </slim:record></recordData><recordPosition>8</recordPosition></record></records><nextRecordPosition>9</nextRecordPosition><echoedSearchRetrieveRequest><version>1.1</version><query>hello</query><xQuery xmlns:xsi="http://www.w3.org/2001/XMLSchema-instance" xsi:nil="true"/><startRecord>1</startRecord><maximumRecords>10</maximumRecords><recordSchema>MARC21-xml</recordSchema></echoedSearchRetrieveRequest></searchRetrieveResponse>